<record xmlns='http://www.loc.gov/MARC21/slim'><leader>01494cim a22003852u 4500</leader><controlfield tag='001'>3601352</controlfield><controlfield tag='005'>20151214182834.0</controlfield><controlfield tag='007'>ss|lmnjluz|nuu</controlfield><controlfield tag='008'>991101s1984    nyunnn         l    eng d</controlfield><datafield ind1=' ' ind2=' ' tag='035'><subfield code='a'>(NIC)notisASF8417</subfield></datafield><datafield ind1=' ' ind2=' ' tag='035'><subfield code='a'>3601352</subfield></datafield><datafield ind1=' ' ind2=' ' tag='035'><subfield code='a'>(OCoLC)63897453</subfield></datafield><datafield ind1=' ' ind2=' ' tag='040'><subfield code='a'>NIC</subfield><subfield code='c'>NIC</subfield><subfield code='d'>NIC</subfield><subfield code='d'>NIC</subfield></datafield><datafield ind1='1' ind2=' ' tag='100'><subfield code='a'>Burak, David,</subfield><subfield code='d'>1945-</subfield></datafield><datafield ind1='1' ind2='4' tag='245'><subfield code='a'>The seizure of Willard Straight Hall and its meaning for today: a fifteen year retrospective</subfield><subfield code='h'>[sound recording]</subfield></datafield><datafield ind1=' ' ind2=' ' tag='260'><subfield code='c'>1984.</subfield></datafield><datafield ind1=' ' ind2=' ' tag='300'><subfield code='a'>2 sound cassettes (105 min.) :</subfield><subfield code='b'>analog, mono.</subfield></datafield><datafield ind1=' ' ind2=' ' tag='500'><subfield code='a'>Recorded in Ithaca, NY by Cornell University.</subfield></datafield><datafield ind1=' ' ind2=' ' tag='500'><subfield code='a'>Sponsored by: Interfraternity Council,Ujamaa Residential College,Willard Straight Hall Programming Board.</subfield></datafield><datafield ind1=' ' ind2=' ' tag='518'><subfield code='a'>Lecture, February 28, 1984.</subfield></datafield><datafield ind1=' ' ind2=' ' tag='520'><subfield code='a'>Panel looks back on the Willard Straight Hall takeover from various perspectives.</subfield></datafield><datafield ind1='2' ind2='0' tag='610'><subfield code='a'>Cornell University</subfield><subfield code='x'>History</subfield><subfield code='y'>20th century.</subfield></datafield><datafield ind1=' ' ind2='0' tag='650'><subfield code='a'>Students</subfield><subfield code='x'>Political activity.</subfield></datafield><datafield ind1=' ' ind2='0' tag='650'><subfield code='a'>Discrimination in education.</subfield></datafield><datafield ind1='2' ind2='7' tag='610'><subfield code='a'>Cornell University</subfield><subfield code='2'>fast</subfield><subfield code='0'>(OCoLC)fst00530369</subfield></datafield><datafield ind1=' ' ind2='7' tag='648'><subfield code='a'>1900 - 1999</subfield><subfield code='2'>fast</subfield></datafield><datafield ind1=' ' ind2='7' tag='650'><subfield code='a'>Discrimination in education</subfield><subfield code='2'>fast</subfield><subfield code='0'>(OCoLC)fst00895037</subfield></datafield><datafield ind1=' ' ind2='7' tag='650'><subfield code='a'>Students</subfield><subfield code='x'>Political activity</subfield><subfield code='2'>fast</subfield><subfield code='0'>(OCoLC)fst01136098</subfield></datafield><datafield ind1=' ' ind2='7' tag='655'><subfield code='a'>History</subfield><subfield code='2'>fast</subfield><subfield code='0'>(OCoLC)fst01411628</subfield></datafield><datafield ind1='1' ind2=' ' tag='700'><subfield code='a'>Saake, Ruby.</subfield></datafield><datafield ind1='1' ind2=' ' tag='700'><subfield code='a'>Munday, Reuben.</subfield></datafield><datafield ind1='1' ind2=' ' tag='700'><subfield code='a'>McConkey, James.</subfield></datafield><datafield ind1='1' ind2=' ' tag='899'><subfield code='a'>CULectures</subfield></datafield><datafield ind1=' ' ind2=' ' tag='905'><subfield code='a'>20000308120000.0</subfield></datafield><datafield ind1='2' ind2=' ' tag='948'><subfield code='a'>20141221</subfield><subfield code='b'>m</subfield><subfield code='d'>batch</subfield><subfield code='e'>lts</subfield><subfield code='x'>addfast</subfield></datafield></record>